@ARTICLE{2003Natur.422..143V,
       author = {{Vidal-Madjar}, A. and {Lecavelier des Etangs}, A. and
         {D{\'e}sert}, J. -M. and {Ballester}, G.~E. and {Ferlet}, R. and
         {H{\'e}brard}, G. and {Mayor}, M.},
        title = "{An extended upper atmosphere around the extrasolar planet HD209458b}",
      journal = {\nat},
         year = 2003,
        month = mar,
       volume = {422},
       number = {6928},
        pages = {143-146},
          doi = {10.1038/nature01448},
       adsurl = {https://ui.adsabs.harvard.edu/abs/2003Natur.422..143V},
      adsnote = {Provided by the SAO/NASA Astrophysics Data System}
}


@ARTICLE{2012A&A...543L...4L,
       author = {{Lecavelier des Etangs}, A. and {Bourrier}, V. and {Wheatley}, P.~J. and
         {Dupuy}, H. and {Ehrenreich}, D. and {Vidal-Madjar}, A. and
         {H{\'e}brard}, G. and {Ballester}, G.~E. and {D{\'e}sert}, J. -M. and
         {Ferlet}, R. and {Sing}, D.~K.},
        title = "{Temporal variations in the evaporating atmosphere of the exoplanet HD 189733b}",
      journal = {\aap},
     keywords = {planetary systems, stars: individual: HD 189733, techniques: spectroscopic, planets and satellites: atmospheres, stars: flare, Astrophysics - Earth and Planetary Astrophysics},
         year = 2012,
        month = jul,
       volume = {543},
          eid = {L4},
        pages = {L4},
          doi = {10.1051/0004-6361/201219363},
archivePrefix = {arXiv},
       eprint = {1206.6274},
 primaryClass = {astro-ph.EP},
       adsurl = {https://ui.adsabs.harvard.edu/abs/2012A&A...543L...4L},
      adsnote = {Provided by the SAO/NASA Astrophysics Data System}
}


@ARTICLE{2015Natur.522..459E,
       author = {{Ehrenreich}, David and {Bourrier}, Vincent and {Wheatley}, Peter J. and
         {Lecavelier des Etangs}, Alain and {H{\'e}brard}, Guillaume and
         {Udry}, St{\'e}phane and {Bonfils}, Xavier and {Delfosse}, Xavier and
         {D{\'e}sert}, Jean-Michel and {Sing}, David K. and
         {Vidal-Madjar}, Alfred},
        title = "{A giant comet-like cloud of hydrogen escaping the warm Neptune-mass exoplanet GJ 436b}",
      journal = {\nat},
     keywords = {Astrophysics - Earth and Planetary Astrophysics},
         year = 2015,
        month = jun,
       volume = {522},
       number = {7557},
        pages = {459-461},
          doi = {10.1038/nature14501},
archivePrefix = {arXiv},
       eprint = {1506.07541},
 primaryClass = {astro-ph.EP},
       adsurl = {https://ui.adsabs.harvard.edu/abs/2015Natur.522..459E},
      adsnote = {Provided by the SAO/NASA Astrophysics Data System}
}

@MISC{2019ascl.soft12005S,
       author = {{Stone}, James M. and {Tomida}, Kengo and {White}, Christopher and
         {Felker}, Kyle Gerard},
        title = "{Athena++: Radiation GR magnetohydrodynamics code}",
     keywords = {Software},
         year = 2019,
        month = dec,
          eid = {ascl:1912.005},
        pages = {ascl:1912.005},
archivePrefix = {ascl},
       eprint = {1912.005},
       adsurl = {https://ui.adsabs.harvard.edu/abs/2019ascl.soft12005S},
      adsnote = {Provided by the SAO/NASA Astrophysics Data System}
}